@article{LHC,
	author = {Evans, Lyndon and Bryant, Philip},
	doi = {10.1088/1748-0221/3/08/S08001},
	issn = {1748-0221},
	journal = {Journal of Instrumentation},
	language = {en},
	number = 08,
	pages = {S08001},
	title = {LHC} Machine},
	url = {http://iopscience.iop.org/1748-0221/3/08/S08001},
	volume = 3,
	year = 2008
}

@article{Luminosity,
	author = {The ATLAS Collaboration, },
	doi = {10.1140/epjc/s10052-011-1630-5},
	issn = {1434-6044, 1434-6052},
	journal = {The European Physical Journal C},
	number = 4,
	title = {Luminosity Determination in pp Collisions at sqrt(s)=7 TeV Using the ATLAS Detector at the LHC},
	url = {http://arxiv.org/abs/1101.2185},
	volume = 71,
	year = 2011
}

@article{Evidence,
	author = {Christenson, J. H. and Cronin, J. W. and Fitch, V. L. and Turlay, R.},
	doi = {10.1103/PhysRevLett.13.138},
	journal = {Physical Review Letters},
	number = 4,
	pages = {138-140},
	title = {Evidence for the $2\pi$ Decay of the K20 Meson},
	url = {http://link.aps.org/doi/10.1103/PhysRevLett.13.138},
	volume = 13,
	year = 1964
}

@article{Comments,
	author = {Chau, Ling-Lie and Keung, Wai-Yee},
	doi = {10.1103/PhysRevLett.53.1802},
	journal = {Phys.Rev.Lett.},
	pages = 1802,
	title = {Comments on the Parametrization of the Kobayashi-Maskawa Matrix},
	volume = 53,
	year = 1984
}

@article{Experimentalb,
	author = {Aubert, J. J. and Becker, U. and Biggs, P. J. and Burger, J. and Chen, M. and Everhart, G. and Goldhagen, P. and Leong, J. and McCorriston, T. and Rhoades, T. G. and Rohde, M. and Ting, Samuel C. C. and Wu, Sau Lan and Lee, Y. Y.},
	doi = {10.1103/PhysRevLett.33.1404},
	journal = {Physical Review Letters},
	number = 23,
	pages = {1404-1406},
	title = {Experimental Observation of a Heavy Particle J},
	url = {http://link.aps.org/doi/10.1103/PhysRevLett.33.1404},
	volume = 33,
	year = 1974
}

@article{TopPair,
	author = {Cacciari, Matteo and Czakon, Michal and Mangano, Michelangelo L. and Mitov, Alexander and Nason, Paolo},
	journal = {arXiv:1111.5869 [hep-ph]},
	title = {Top-pair production at hadron colliders with next-to-next-to-leading logarithmic soft-gluon resummation},
	url = {http://arxiv.org/abs/1111.5869},
	year = 2011
}

@article{Model,
	author = {Weinberg, S.},
	doi = {10.1103/PhysRevLett.19.1264},
	journal = {Physical Review Letters},
	number = 21,
	pages = {1264-1266},
	title = {A Model of Leptons},
	url = {http://link.aps.org/doi/10.1103/PhysRevLett.19.1264},
	volume = 19,
	year = 1967
}

@article{Pythia,
	author = {Sjostrand, Torbjorn and Mrenna, Stephen and Skands, Peter},
	doi = {10.1088/1126-6708/2006/05/026},
	issn = {1029-8479},
	journal = {Journal of High Energy Physics},
	number = 05,
	pages = {026-026},
	title = {PYTHIA 6.4 Physics and Manual},
	url = {http://arxiv.org/abs/hep-ph/0603175},
	volume = 2006,
	year = 2006
}

@article{Measurement,
	author = {ATLAS Collaboration, },
	doi = {10.1140/epjc/s10052-012-2039-5},
	issn = {1434-6044, 1434-6052},
	journal = {The European Physical Journal C},
	number = 6,
	title = {Measurement of the charge asymmetry in top quark pair production in pp collisions at sqrt(s) = 7 TeV using the ATLAS detector},
	url = {http://arxiv.org/abs/1203.4211},
	volume = 72,
	year = 2012
}

@article{Les,
	author = {Dobbs, M. A. and Frixione, S. and Laenen, E. and Tollefson, K. and Baer, H. and Boos, E. and Cox, B. and Engel, R. and Giele, W. and Huston, J. and Ilyin, S. and Kersevan, B. and Krauss, F. and Kurihara, Y. and Lonnblad, L. and Maltoni, F. and Mangano, M. and Odaka, S. and Richardson, P. and Ryd, A. and Sjostrand, T. and Skands, P. and Was, Z. and Webber, B. R. and Zeppenfeld, D.},
	journal = {arXiv:hep-ph/0403045},
	title = {Les Houches Guidebook to Monte Carlo Generators for Hadron Collider Physics},
	url = {http://arxiv.org/abs/hep-ph/0403045},
	year = 2004
}

@article{Event,
	author = {Schaelicke, A. and Gleisberg, T. and Hoeche, S. and Schumann, S. and Winter, J. and Krauss, F. and Soff, G.},
	doi = {10.1016/j.ppnp.2004.02.031},
	issn = 01466410,
	journal = {Progress in Particle and Nuclear Physics},
	number = 1,
	pages = {329-338},
	title = {Event Generator for Particle Production in High-Energy Collisions},
	url = {http://arxiv.org/abs/hep-ph/0311270},
	volume = 53,
	year = 2004
}

@article{Energy,
	author = {Aharrouche, M. and Collaboration, ATLAS Electromagnetic Barrel Calorimeter},
	doi = {10.1016/j.nima.2006.07.053},
	issn = 01689002,
	journal = {Nuclear Instruments and Methods in Physics Research Section A: Accelerators, Spectrometers, Detectors and Associated Equipment},
	number = 2,
	pages = {601-623},
	title = {Energy Linearity and Resolution of the ATLAS Electromagnetic Barrel Calorimeter in an Electron Test-Beam},
	url = {http://arxiv.org/abs/physics/0608012},
	volume = 568,
	year = 2006
}

@article{Herwig,
	author = {Corcella, G. and Knowles, I. G. and Marchesini, G. and Moretti, S. and Odagiri, K. and Richardson, P. and Seymour, M. H. and Webber, B. R.},
	doi = {10.1088/1126-6708/2001/01/010},
	issn = {1029-8479},
	journal = {Journal of High Energy Physics},
	number = 01,
	pages = {010-010},
	shorttitle = {HERWIG 6.5},
	title = {HERWIG 6.5: an event generator for Hadron Emission Reactions With Interfering Gluons (including supersymmetric processes)},
	url = {http://arxiv.org/abs/hep-ph/0011363},
	volume = 2001,
	year = 2001
}

@book{Atlas,
	address = {Geneva, Switzerland},
	author = {The ATLAS Collaboration},
	publisher = {CERN},
	series = {Technical Design Report ATLAS},
	title = {ATLAS detector and physics performance: Technical Design Report, 1},
	url = {https://cds.cern.ch/record/391176},
	year = 1999
}
