% Theory
@book{Theory:Perkins,
  title={Introduction to High Energy Physics},
  author={Perkins, D.H.},
  isbn={9780521621960},
  lccn={98051723},
  url={http://books.google.co.uk/books?id=e63cNigcmOUC},
  year={2000},
  publisher={Cambridge University Press}
}

@article{Theory:AwesomeSM,
  title = {New Measurement of the Electron Magnetic Moment Using a One-Electron Quantum Cyclotron},
  author = {Odom, B. and Hanneke, D. and D'Urso, B. and Gabrielse, G.},
  journal = {Phys. Rev. Lett.},
  volume = {97},
  issue = {3},
  pages = {030801},
  numpages = {4},
  year = {2006},
  month = {Jul},
  publisher = {American Physical Society},
  doi = {10.1103/PhysRevLett.97.030801},
  url = {http://link.aps.org/doi/10.1103/PhysRevLett.97.030801}
}

@article{Theory:WBosonObservationPaper,
  title   = "Experimental observation of isolated large transverse energy electrons with associated missing energy at s=540 GeV ",
  journal = "Physics Letters B ",
  volume  = "122",
  number  = "1",
  pages   = "103 - 116",
  year    = "1983",
  issn    = "0370-2693",
  author  = "G. Arnison and A. Astbury and B. Aubert and C. Bacci and G. Bauer and A. BÃ©zaguet and R. BÃ¶ck and T.J.V. Bowcock and M. Calvetti and T. Carroll and P. Catz and P. Cennini and S. Centro and F. Ceradini and S. Cittolin and D. Cline and C. Cochet and J. Colas and M. Corden and D. Dallman and M. DeBeer and M. Della Negra and M. Demoulin and D. Denegri and A. Di Ciaccio and D. DiBitonto and L. Dobrzynski and J.D. Dowell and M. Edwards and K. Eggert and E. Eisenhandler and N. Ellis and P. Erhard and H. Faissner and G. Fontaine and R. Frey and R. FrÃŒhwirth and J. Garvey and S. Geer and C. GhesquiÃšre and P. Ghez and K.L. Giboni and W.R. Gibson and Y. Giraud-HÃ©raud and A. Givernaud and A. Gonidec and G. Grayer and P. Gutierrez and T. Hansl-Kozanecka and W.J. Haynes and L.O. Hertzberger and C. Hodges and D. Hoffmann and H. Hoffmann and D.J. Holthuizen and R.J. Homer and A. Honma and W. Jank and G. Jorat and P.I.P. Kalmus and V. KarimÃ€ki and R. Keeler and I. Kenyon and A. Kernan and R. Kinnunen and H. Kowalski and W. Kozanecki and D. Kryn and F. Lacava and J.-P. Laugier and J.-P. Lees and H. Lehmann and K. Leuchs and A. LÃ©vÃªque and E. Linglin and E. Locci and M. Loret and J.-J. Malosse and T. Markiewicz and G. Maurin and T. McMahon and J.-P. Mendiburu and M.-N. Minard and M. Moricca and H. Muirhead and F. Muller and A.K. Nandi and L. Naumann and A. Norton and A. Orkin-Lecourtois and L. Paoluzi and G. Petrucci and G.Piano Mortari and M. PimiÃ€ and A. Placci and E. Radermacher and J. Ransdell and H. Reithler and J.-P. Revol and J. Rich and M. Rijssenbeek and C. Roberts and J. Rohlf and P. Rossi and C. Rubbia and B. Sadoulet and G. Sajot and G. Salvi and J. Salvini and J. Sass and A. Saudraix and A. Savoy-Navarro and D. Schinzel and W. Scott and T.P. Shah and M. Spiro and J. Strauss and K. Sumorok and F. Szoncso and D. Smith and C. Tao and G. Thompson and J. Timmer and E. Tscheslog and J. Tuominiemi and S. Van der Meer and J.-P. Vialle and J. Vrana and V. Vuillemin and H.D. Wahl and P. Watkins and J. Wilson and Y.G. Xie and M. Yvert and E. Zurfluh"
}

@article{Theory:ObservationOfQuarks,
  title     = {Experimental Observation of a Heavy Particle J},
  author    = {Aubert, J. J. and Becker, U. and Biggs, P. J. and Burger, J. and Chen, M. and Everhart, G. and Goldhagen, P. and Leong, J. and McCorriston, T. and Rhoades, T. G. and Rohde, M. and Ting, Samuel C. C. and Wu, Sau Lan and Lee, Y. Y.},
  journal   = {Phys. Rev. Lett.},
  volume    = {33},
  issue     = {23},
  pages     = {1404--1406},
  numpages  = {0},
  year      = {1974},
  month     = {Dec},
  publisher = {American Physical Society},
  doi       = {10.1103/PhysRevLett.33.1404},
  url       = {http://link.aps.org/doi/10.1103/PhysRevLett.33.1404}
}

@BOOK{Theory:IntroGriffiths,
  author    = {D. Griffiths},
  title     = {Introcution to Elementary Particles},
  publisher = {"John Wiley \& Sons, Inc"},
  year      = {1987}
}

@article{Theory:PDGBooklet,
  author    = "J. Beringer et al. (Particle Data Group)",
  title     = "{The Review of Particle Physics}",
  journal   = "{Physical Review D}",
  volume    = "86",
  pages     = {010001+},
  year      = "2012",
  url       = "http://pdg.lbl.gov"
}

@article{Theory:HiggsDiscoveryATLAS,
  title     = "Observation of a new particle in the search for the Standard Model Higgs boson with the \{ATLAS\} detector at the \{LHC\} ",
  journal   = "Physics Letters B ",
  volume    = "716",
  number    = "1",
  pages     = "1 - 29",
  year      = "2012",
  issn      = "0370-2693",
  doi       = "http://dx.doi.org/10.1016/j.physletb.2012.08.020",
  url       = "http://www.sciencedirect.com/science/article/pii/S037026931200857X",
  author    = "G. Aad, et. al."
}

@article{Theory:HiggsDiscoveryCMS,
  author         = "Chatrchyan, Serguei and others",
  title          = "{Observation of a new boson at a mass of 125 GeV with the CMS experiment at the LHC}",
  collaboration  = "CMS Collaboration",
  journal        = "Phys.Lett.",
  volume         = "B716",
  pages          = "30-61",
  doi            = "10.1016/j.physletb.2012.08.021",
  year           = "2012",
  eprint         = "1207.7235",
  archivePrefix  = "arXiv",
  primaryClass   = "hep-ex",
  reportNumber   = "CMS-HIG-12-028, CERN-PH-EP-2012-220",
}

@article{Theory:CKMNicola,
  title     = {Unitary Symmetry and Leptonic Decays},
  author    = {Cabibbo, Nicola},
  journal   = {Phys. Rev. Lett.},
  volume    = {10},
  issue     = {12},
  pages     = {531--533},
  numpages  = {0},
  year      = {1963},
  month     = {Jun},
  publisher = {American Physical Society},
  doi       = {10.1103/PhysRevLett.10.531},
  url       = {http://link.aps.org/doi/10.1103/PhysRevLett.10.531}
}

@article{Theory:CKMKobayashiMaskawa,
  author = {Kobayashi, Makoto and Maskawa, Toshihide}, 
  title = {CP-Violation in the Renormalizable Theory of Weak Interaction},
  volume = {49}, 
  number = {2}, 
  pages = {652-657}, 
  year = {1973}, 
  doi = {10.1143/PTP.49.652}, 
  abstract ={In a framework of the renormalizable theory of weak interaction, problems of CP-violation are studied. It is concluded that no realistic models of CP-violation exist in the quartet scheme without introducing any other new fields. Some possible models of CP-violation are also discussed.}, 
  URL = {http://ptp.oxfordjournals.org/content/49/2/652.abstract}, 
  eprint = {http://ptp.oxfordjournals.org/content/49/2/652.full.pdf+html}, 
  journal = {Progress of Theoretical Physics} 
}

@article{Theory:CKMWolfenstein,
  title     = {Parametrization of the Kobayashi-Maskawa Matrix},
  author    = {Wolfenstein, Lincoln},
  journal   = {Phys. Rev. Lett.},
  volume    = {51},
  issue     = {21},
  pages     = {1945--1947},
  numpages  = {0},
  year      = {1983},
  month     = {Nov},
  publisher = {American Physical Society},
  doi       = {10.1103/PhysRevLett.51.1945},
  url       = {http://link.aps.org/doi/10.1103/PhysRevLett.51.1945}
}

@techreport{ATLAS-CONF-2010-063,
      title         = "{Search for top pair candidate events in ATLAS at $\sqrt{s}$=7 TeV}",
      institution   = "CERN",
      collaboration = "ATLAS Collaboration",
      address       = "Geneva",
      number        = "ATLAS-CONF-2010-063",
      month         = "Jul",
      year          = "2010",
}

% Top Quark
@article{TopQuark:MassAsymmetryCDF,
      author         = "Aaltonen, T. and others",
      title          = "{Evidence for a Mass Dependent Forward-Backward Asymmetry in Top Quark Pair Production}",
      collaboration  = "CDF Collaboration",
      journal        = "Phys.Rev.",
      volume         = "D83",
      pages          = "112003",
      doi            = "10.1103/PhysRevD.83.112003",
      year           = "2011",
      eprint         = "1101.0034",
      archivePrefix  = "arXiv",
      primaryClass   = "hep-ex",
      reportNumber   = "FERMILAB-PUB-10-525-E",
      SLACcitation   = "%%CITATION = ARXIV:1101.0034;%%",
}

@article{TopQuark:CPTViolation,
  author         = "Greenberg, O.W.",
  title          = "CPT violation implies violation of Lorentz invariance",
  journal        = "Phys.Rev.Lett.",
  volume         = "89",
  pages          = "231602",
  doi            = "10.1103/PhysRevLett.89.231602",
  year           = "2002",
  eprint         = "hep-ph/0201258",
  archivePrefix  = "arXiv",
  primaryClass   = "hep-ph",
  reportNumber   = "PP-02-027",
  SLACcitation   = "%%CITATION = HEP-PH/0201258;%%",
}

@article{TopQuark:ChargeAsymmetryCMS,
      author         = "Chatrchyan, Serguei and others",
      title          = "{Measurements of the $t\bar{t}$ charge asymmetry using
                        the dilepton decay channel in pp collisions at $\sqrt{s} =
                        7$ TeV}",
      collaboration  = "CMS Collaboration",
      year           = "2014",
      eprint         = "1402.3803",
      archivePrefix  = "arXiv",
      primaryClass   = "hep-ex",
      reportNumber   = "CMS-TOP-12-010, CERN-PH-EP-2014-010",
      SLACcitation   = "%%CITATION = ARXIV:1402.3803;%%",
}

@article{TopQuark:ChargeAsymmetryATLAS,
      author         = "Aad, Georges and others",
      title          = "{Measurement of the top quark pair production charge asymmetry in proton-proton collisions at $\sqrt{s}$ = 7 TeV using the ATLAS detector}",
      collaboration  = "ATLAS Collaboration",
      journal        = "JHEP",
      volume         = "1402",
      pages          = "107",
      doi            = "10.1007/JHEP02(2014)107",
      year           = "2014",
      eprint         = "1311.6724",
      archivePrefix  = "arXiv",
      primaryClass   = "hep-ex",
      reportNumber   = "CERN-PH-EP-2013-177",
      SLACcitation   = "%%CITATION = ARXIV:1311.6724;%%",
}

@article{TopQuark:MassAsymmetryCMS2012,
  author         = "Chatrchyan, Serguei and others",
  title          = "{Measurement of the mass difference between top and
                    antitop quarks}",
  collaboration  = "CMS Collaboration",
  journal        = "JHEP",
  volume         = "1206",
  pages          = "109",
  doi            = "10.1007/JHEP06(2012)109",
  year           = "2012",
  eprint         = "1204.2807",
  archivePrefix  = "arXiv",
  primaryClass   = "hep-ex",
  reportNumber   = "CMS-TOP-11-019, CERN-PH-EP-2012-104",
  SLACcitation   = "%%CITATION = ARXIV:1204.2807;%%",
}


@article{TopQuark:MassAsymmetryATLAS2014,
  author         = "Aad, Georges and others",
  title          = "{Measurement of the mass difference between top and
                    anti-top quarks in pp collisions at $\sqrt(s) = 7$ TeV
                    using the ATLAS detector}",
  collaboration  = "ATLAS Collaboration",
  journal        = "Phys.Lett.",
  volume         = "B728",
  pages          = "363-379",
  doi            = "10.1016/j.physletb.2013.12.010",
  year           = "2014",
  eprint         = "1310.6527",
  archivePrefix  = "arXiv",
  primaryClass   = "hep-ex",
  reportNumber   = "CERN-PH-EP-2013-171",
  SLACcitation   = "%%CITATION = ARXIV:1310.6527;%%",
}


@article{TopQuark:SingleXSectionTChannel,
  title = "Measurement of the t-channel single top-quark production cross section in pp collisions at with the \{ATLAS\} detector ",
  journal = "Physics Letters B ",
  volume = "717",
  number = "4â5",
  pages = "330 - 350",
  year = "2012",
  note = "",
  issn = "0370-2693",
  doi = "http://dx.doi.org/10.1016/j.physletb.2012.09.031",
  url = "http://www.sciencedirect.com/science/article/pii/S0370269312009781",
  author = "The ATLAS Collaboration"
}

@article{Top:bQuarkDiscovered,
  title = {Observation of a Dimuon Resonance at 9.5 GeV in 400-GeV Proton-Nucleus Collisions},
  author = {Herb, S. W. and Hom, D. C. and Lederman, L. M. and Sens, J. C. and Snyder, H. D. and Yoh, J. K. and Appel, J. A. and Brown, B. C. and Brown, C. N. and Innes, W. R. and Ueno, K. and Yamanouchi, T. and Ito, A. S. and J\"ostlein, H. and Kaplan, D. M. and Kephart, R. D.},
  journal = {Phys. Rev. Lett.},
  volume = {39},
  issue = {5},
  pages = {252--255},
  numpages = {0},
  year = {1977},
  month = {Aug},
  publisher = {American Physical Society},
  doi = {10.1103/PhysRevLett.39.252},
  url = {http://link.aps.org/doi/10.1103/PhysRevLett.39.252}
}

@article{Theory:TopQuarkDecayTooQuickly,
  author         = "Kuhn, Johann H. and Reiter, A. and Zerwas, Peter M.",
  title          = "{Z Decays to Top Quarks}",
  journal        = "Nucl.Phys.",
  volume         = "B272",
  pages          = "560",
  doi            = "10.1016/0550-3213(86)90235-X",
  year           = "1986",
  reportNumber   = "SLAC-PUB-3746",
  SLACcitation   = "%%CITATION = NUPHA,B272,560;%%",
}

@article{Top:ObservationD0,
  title = {Search for High Mass Top Quark Production in $p\bar{p}$ Collisions at $\sqrt{s}$=1.8 TeV},
  author = {D0 Collaboration},
  collaboration = {D0 Collaboration},
  journal = {Phys. Rev. Lett.},
  volume = {74},
  issue = {13},
  pages = {2422--2426},
  numpages = {0},
  year = {1995},
  month = {Mar},
  publisher = {American Physical Society},
  doi = {10.1103/PhysRevLett.74.2422},
  url = {http://link.aps.org/doi/10.1103/PhysRevLett.74.2422}
}

@article{Top:ObservationCDF,
  title = {Observation of Top Quark Production in $p\bar{p}$ Collisions with the Collider Detector at Fermilab},
  author = {CDF Collaboration},
  collaboration = {CDF Collaboration},
  journal = {Phys. Rev. Lett.},
  volume = {74},
  issue = {14},
  pages = {2626--2631},
  numpages = {0},
  year = {1995},
  month = {Apr},
  publisher = {American Physical Society},
  doi = {10.1103/PhysRevLett.74.2626},
  url = {http://link.aps.org/doi/10.1103/PhysRevLett.74.2626}
}

% Detector

% Cross-section

% Boosted Section 
@article{Boosted:ATLASExclusion7TeV,
  author         = "Aad, Georges and others",
  title          = "{Search for $t\bar t$ resonances in the lepton plus jets final state with ATLAS using 4.7 fb$^{-1}$ of $pp$ collisions at $\sqrt{s} = 7$ TeV}",
  collaboration  = "ATLAS",
  journal        = "Phys.Rev.",
  number         = "1",
  volume         = "D88",
  pages          = "012004",
  doi            = "10.1103/PhysRevD.88.012004",
  year           = "2013",
  eprint         = "1305.2756",
  archivePrefix  = "arXiv",
  primaryClass   = "hep-ex",
  reportNumber   = "CERN-PH-EP-2013-032",
  SLACcitation   = "%%CITATION = ARXIV:1305.2756;%%",
}

@techreport{Boosted:ATLASExclusion8TeV,
  autor         = "The ATLAS Collaboration",
  title         = "{A search for $t\bar{t}$ resonances in the lepton plus jets final state with ATLAS using 14 fb$^{−1}$ of $pp$ collisions at $\sqrt{s}=8$ TeV}",
  institution   = "CERN",
  address       = "Geneva",
  number        = "ATLAS-CONF-2013-052",
  month         = "May",
  year          = "2013",
  note          = "Not published in the proceedings",
}

@techreport{Boosted:CMSSearch8TeV,
  author        = "The CMS Collaboration",
  title         = "{Search for $t\bar{t}$ resonances in semileptonic final state}",
  institution   = "CERN",
  collaboration = "The CMS Collaboration",
  address       = "Geneva",
  number        = "CMS-PAS-B2G-12-006",
  year          = "2013",
}

@article{Boosted:CMSSearch7TeVDilepton,
  author         = "Chatrchyan, Serguei and others",
  title          = "{Search for $Z$' resonances decaying to $t\bar{t}$ in dilepton+jets final states in $pp$ collisions at $\sqrt{s}=7$ TeV}",
  collaboration  = "CMS Collaboration",
  journal        = "Phys.Rev.",
  volume         = "D87",
  pages          = "072002",
  doi            = "10.1103/PhysRevD.87.072002",
  year           = "2013",
  eprint         = "1211.3338",
  archivePrefix  = "arXiv",
  primaryClass   = "hep-ex",
  reportNumber   = "CMS-TOP-11-010, CERN-PH-EP-2012-324",
  SLACcitation   = "%%CITATION = ARXIV:1211.3338;%%",
}

@article{Boosted:CMSSearchAnomalous,
  author         = "Chatrchyan, Serguei and others",
  title          = "{Search for anomalous $t\bar{t}$ production in the highly-boosted all-hadronic final state}",
  collaboration  = "CMS Collaboration",
  journal        = "JHEP",
  volume         = "1209",
  pages          = "029",
  doi            = "10.1007/JHEP09(2012)029",
  year           = "2012",
  eprint         = "1204.2488",
  archivePrefix  = "arXiv",
  primaryClass   = "hep-ex",
  reportNumber   = "CMS-EXO-11-006, CERN-PH-EP-2012-077",
  SLACcitation   = "%%CITATION = ARXIV:1204.2488;%%",
}


% Calibration
